@article {LW21,
    AUTHOR = {Laptev, A. and Weth, T.},
     TITLE = {Spectral properties of the logarithmic {L}aplacian},
   JOURNAL = {Anal. Math. Phys.},
  FJOURNAL = {Analysis and Mathematical Physics},
    VOLUME = {11},
      YEAR = {2021},
    NUMBER = {3},
     PAGES = {Paper No. 133, 24},
      ISSN = {1664-2368},
   MRCLASS = {35P05},
  MRNUMBER = {4279386},
       DOI = {10.1007/s13324-021-00527-y},
       URL = {https://doi.org/10.1007/s13324-021-00527-y},
}

@article {JSW20,
    AUTHOR = {Jarohs, S. and Salda\~{n}a, A. and Weth, T.},
     TITLE = {A new look at the fractional {P}oisson problem via the
              logarithmic {L}aplacian},
   JOURNAL = {J. Funct. Anal.},
  FJOURNAL = {Journal of Functional Analysis},
    VOLUME = {279},
      YEAR = {2020},
    NUMBER = {11},
     PAGES = {108732, 50},
      ISSN = {0022-1236},
   MRCLASS = {35R11 (31C45 35A08)},
  MRNUMBER = {4141492},
       DOI = {10.1016/j.jfa.2020.108732},
       URL = {https://doi.org/10.1016/j.jfa.2020.108732},
}

@article{AS22,
  title={Small order limit of fractional Dirichlet sublinear-type problems},
  author={Angeles, F. and Salda{\~n}a, A.},
  journal={arXiv preprint arXiv:2210.01079},
  year={2022}
}

@article {Caffarelli17,
    AUTHOR = {Caffarelli, L. and Dipierro, S. and Valdinoci, E.},
     TITLE = {A logistic equation with nonlocal interactions},
   JOURNAL = {Kinet. Relat. Models},
  FJOURNAL = {Kinetic and Related Models},
    VOLUME = {10},
      YEAR = {2017},
    NUMBER = {1},
     PAGES = {141--170},
      ISSN = {1937-5093},
   MRCLASS = {35R11 (35J91 35K91 35P15 35Q92 60G22)},
  MRNUMBER = {3579567},
MRREVIEWER = {Erwin Topp},
       DOI = {10.3934/krm.2017006},
       URL = {https://doi.org/10.3934/krm.2017006},
}

@article{GJW22,
  title={Small order asymptotics of the Dirichlet eigenvalue problem for the fractional Laplacian},
  author={Feulefack, Pierre Aime and Jarohs, Sven and Weth, Tobias},
  journal={Journal of Fourier Analysis and Applications},
  volume={28},
  number={2},
  pages={1--44},
  year={2022},
  publisher={Springer}
}

@article{CW19,
  title={The Dirichlet problem for the logarithmic Laplacian},
  author={Chen, Huyuan and Weth, Tobias},
  journal={Communications in Partial Differential Equations},
  volume={44},
  number={11},
  pages={1100--1139},
  year={2019},
  publisher={Taylor \& Francis}
}

@mastersthesis{L22,
    author = {Leonard Sinsch},
    institution = {Johann Wolfgang Goethe-Universität Frankfurt am Main},
    pages = 154,
    school = {Johann Wolfgang Goethe-Universität Frankfurt am Main},
    title = {Finite {E}lemente {M}ethode zur numerischen {L}ösung des {D}irichlet-Problems für den logarithmischen {L}aplace {O}perators},
    year = 2022
}

@article{BH17,
  title={A Finite Element approximation of the one-dimensional fractional Poisson equation with applications to numerical control},
  author={Biccari, Umberto and Hern{\'a}ndez-Santamar{\'\i}a, V{\'\i}ctor},
  journal={arXiv preprint arXiv:1707.06769},
  year={2017}
}

@article {BHS19,
    AUTHOR = {Biccari, Umberto and Hern\'{a}ndez-Santamar\'{\i}a, V\'{\i}ctor},
     TITLE = {Controllability of a one-dimensional fractional heat equation:
              theoretical and numerical aspects},
   JOURNAL = {IMA J. Math. Control Inform.},
  FJOURNAL = {IMA Journal of Mathematical Control and Information},
    VOLUME = {36},
      YEAR = {2019},
    NUMBER = {4},
     PAGES = {1199--1235},
      ISSN = {0265-0754},
   MRCLASS = {93B05 (35R11 93-10 93C20)},
  MRNUMBER = {4073907},
MRREVIEWER = {Ping Lin},
       DOI = {10.1093/imamci/dny025},
       URL = {https://doi.org/10.1093/imamci/dny025},
}

@article{BC18,
  title={On fractional Hardy inequalities in convex sets},
  author={Brasco, Lorenzo and Cinti, Eleonora},
  journal={arXiv preprint arXiv:1802.02354},
  year={2018}
}

@phdthesis{Bor17,
  title={Laplaciano fraccionario: regularidad de soluciones y aproximaciones por elementos finitos},
  author={Borthagaray Peradotto, Juan Pablo},
  year={2017},
  school={Universidad de Buenos Aires. Facultad de Ciencias Exactas y Naturales}
}

@article {HSS22,
    AUTHOR = {Hern\'{a}ndez Santamar\'{\i}a, V\'{\i}ctor and Salda\~{n}a, Alberto},
     TITLE = {Small order asymptotics for nonlinear fractional problems},
   JOURNAL = {Calc. Var. Partial Differential Equations},
  FJOURNAL = {Calculus of Variations and Partial Differential Equations},
    VOLUME = {61},
      YEAR = {2022},
    NUMBER = {3},
     PAGES = {Paper No. 92, 26},
      ISSN = {0944-2669},
   MRCLASS = {35B40 (35J60 35R11 35S15)},
  MRNUMBER = {4400612},
       DOI = {10.1007/s00526-022-02192-w},
       URL = {https://doi.org/10.1007/s00526-022-02192-w},
}

@misc{dem20,
  title={Mathematical theory of finite elements},
  author={Demkowicz, Leszek F.},
  year={2020},
  howpublished={Lecture notes. Oden Institute for Computational Engineering and Sciences, The University of Texas at Austin}
}

@article{CS22,
  title={Classical solutions to integral equations with zero order kernels},
  author={Chang-Lara, H{\'e}ctor A and Salda{\~n}a, Alberto},
  journal={arXiv preprint arXiv:2208.12841},
  year={2022}
}


@article{FJW22,
  title={Small order asymptotics of the Dirichlet eigenvalue problem for the fractional Laplacian},
  author={Feulefack, Pierre Aime and Jarohs, Sven and Weth, Tobias},
  journal={Journal of Fourier Analysis and Applications},
  volume={28},
  number={2},
  pages={18},
  year={2022},
  publisher={Springer}
}


@article{AB17,
  title={A fractional Laplace equation: regularity of solutions and finite element approximations},
  author={Acosta, Gabriel and Borthagaray, Juan Pablo},
  journal={SIAM Journal on Numerical Analysis},
  volume={55},
  number={2},
  pages={472--495},
  year={2017},
  publisher={SIAM}
}






