@article {LW21,
    AUTHOR = {Laptev, A. and Weth, T.},
     TITLE = {Spectral properties of the logarithmic {L}aplacian},
   JOURNAL = {Anal. Math. Phys.},
  FJOURNAL = {Analysis and Mathematical Physics},
    VOLUME = {11},
      YEAR = {2021},
    NUMBER = {3},
     PAGES = {Paper No. 133, 24},
      ISSN = {1664-2368},
   MRCLASS = {35P05},
  MRNUMBER = {4279386},
       DOI = {10.1007/s13324-021-00527-y},
       URL = {https://doi.org/10.1007/s13324-021-00527-y},
}

@article {BdPM18,
    AUTHOR = {Borthagaray, Juan Pablo and Del Pezzo, Leandro M. and
              Mart\'{\i}nez, Sandra},
     TITLE = {Finite element approximation for the fractional eigenvalue
              problem},
   JOURNAL = {J. Sci. Comput.},
  FJOURNAL = {Journal of Scientific Computing},
    VOLUME = {77},
      YEAR = {2018},
    NUMBER = {1},
     PAGES = {308--329},
      ISSN = {0885-7474},
   MRCLASS = {65N30 (35P15 35R11 46E35 49R05 65N25)},
  MRNUMBER = {3850355},
       DOI = {10.1007/s10915-018-0710-1},
       URL = {https://doi.org/10.1007/s10915-018-0710-1},
}

@article {CGH20,
    AUTHOR = {Chhetri, Maya and Girg, Petr and Hollifield, Elliott},
     TITLE = {Existence of positive solutions for fractional {L}aplacian
              equations: theory and numerical experiments},
   JOURNAL = {Electron. J. Differential Equations},
  FJOURNAL = {Electronic Journal of Differential Equations},
      YEAR = {2020},
     PAGES = {Paper No. 81, 31},
   MRCLASS = {35R11 (35J60 65N30)},
  MRNUMBER = {4133080},
}

@article {ABBM18,
    AUTHOR = {Acosta, Gabriel and Borthagaray, Juan Pablo and Bruno, Oscar
              and Maas, Mart\'{\i}n},
     TITLE = {Regularity theory and high order numerical methods for the
              (1{D})-fractional {L}aplacian},
   JOURNAL = {Math. Comp.},
  FJOURNAL = {Mathematics of Computation},
    VOLUME = {87},
      YEAR = {2018},
    NUMBER = {312},
     PAGES = {1821--1857},
      ISSN = {0025-5718},
   MRCLASS = {65R20 (33C45 35B65 35R11)},
  MRNUMBER = {3787393},
MRREVIEWER = {Neville J. Ford},
       DOI = {10.1090/mcom/3276},
       URL = {https://doi.org/10.1090/mcom/3276},
}

@Article{K12,
 Author = {Kwa{\'s}nicki, Mateusz},
 Title = {Eigenvalues of the fractional {Laplace} operator in the interval},
 FJournal = {Journal of Functional Analysis},
 Journal = {J. Funct. Anal.},
 ISSN = {0022-1236},
 Volume = {262},
 Number = {5},
 Pages = {2379--2402},
 Year = {2012},
 Language = {English},
 DOI = {10.1016/j.jfa.2011.12.004},
 Keywords = {35P20,35P15,47F05,47A75,35R11,35J05},
 zbMATH = {6017648},
 Zbl = {1234.35164}
}


@article {JSW20,
    AUTHOR = {Jarohs, S. and Salda\~{n}a, A. and Weth, T.},
     TITLE = {A new look at the fractional {P}oisson problem via the
              logarithmic {L}aplacian},
   JOURNAL = {J. Funct. Anal.},
  FJOURNAL = {Journal of Functional Analysis},
    VOLUME = {279},
      YEAR = {2020},
    NUMBER = {11},
     PAGES = {108732, 50},
      ISSN = {0022-1236},
   MRCLASS = {35R11 (31C45 35A08)},
  MRNUMBER = {4141492},
       DOI = {10.1016/j.jfa.2020.108732},
       URL = {https://doi.org/10.1016/j.jfa.2020.108732},
}

@article{AS22,
  AUTHOR = {Angeles, Felipe and Salda\~{n}a, Alberto},
     TITLE = {Small order limit of fractional {D}irichlet sublinear-type
              problems},
   JOURNAL = {Fract. Calc. Appl. Anal.},
  FJOURNAL = {Fractional Calculus and Applied Analysis. An International
              Journal for Theory and Applications},
    VOLUME = {26},
      YEAR = {2023},
    NUMBER = {4},
     PAGES = {1594--1631},
      ISSN = {1311-0454},
   MRCLASS = {35S15 (26A33 35P30)},
  MRNUMBER = {4623221},
       DOI = {10.1007/s13540-023-00169-w},
       URL = {https://doi.org/10.1007/s13540-023-00169-w},
}

@article {Caffarelli17,
    AUTHOR = {Caffarelli, L. and Dipierro, S. and Valdinoci, E.},
     TITLE = {A logistic equation with nonlocal interactions},
   JOURNAL = {Kinet. Relat. Models},
  FJOURNAL = {Kinetic and Related Models},
    VOLUME = {10},
      YEAR = {2017},
    NUMBER = {1},
     PAGES = {141--170},
      ISSN = {1937-5093},
   MRCLASS = {35R11 (35J91 35K91 35P15 35Q92 60G22)},
  MRNUMBER = {3579567},
MRREVIEWER = {Erwin Topp},
       DOI = {10.3934/krm.2017006},
       URL = {https://doi.org/10.3934/krm.2017006},
}


@article{CW19,
  title={The {D}irichlet problem for the logarithmic Laplacian},
  author={Chen, Huyuan and Weth, Tobias},
  journal={Communications in Partial Differential Equations},
  volume={44},
  number={11},
  pages={1100--1139},
  year={2019},
  publisher={Taylor \& Francis}
}

@mastersthesis{L22,
    author = {Leonard Sinsch},
    institution = {Johann Wolfgang Goethe-Universität Frankfurt am Main},
    pages = 154,
    school = {Johann Wolfgang Goethe-Universität Frankfurt am Main},
    title = {Finite {E}lemente {M}ethode zur numerischen {L}ösung des {D}irichlet-Problems für den logarithmischen {L}aplace {O}perators},
    year = 2022
}

@article{BH17,
  title={A Finite Element approximation of the one-dimensional fractional Poisson equation with applications to numerical control},
  author={Biccari, Umberto and Hern{\'a}ndez-Santamar{\'\i}a, V{\'\i}ctor},
  journal={arXiv preprint arXiv:1707.06769},
  year={2017}
}

@article{HSLRS23,
  title={Optimal boundary regularity for {D}irichlet problems involving the logarithmic {Laplacian}},
  author={Hern{\'a}ndez-Santamar{\'\i}a, V{\'\i}ctor and L{\'o}pez R{\'\i}os, Luis Fernando and Salda\~{n}a, Alberto},
  journal={Preprint},
  year={2023}
}

@article {BHS19,
    AUTHOR = {Biccari, Umberto and Hern\'{a}ndez-Santamar\'{\i}a, V\'{\i}ctor},
     TITLE = {Controllability of a one-dimensional fractional heat equation:
              theoretical and numerical aspects},
   JOURNAL = {IMA J. Math. Control Inform.},
  FJOURNAL = {IMA Journal of Mathematical Control and Information},
    VOLUME = {36},
      YEAR = {2019},
    NUMBER = {4},
     PAGES = {1199--1235},
      ISSN = {0265-0754},
   MRCLASS = {93B05 (35R11 93-10 93C20)},
  MRNUMBER = {4073907},
MRREVIEWER = {Ping Lin},
       DOI = {10.1093/imamci/dny025},
       URL = {https://doi.org/10.1093/imamci/dny025},
}

@article{BC18,
  title={On fractional Hardy inequalities in convex sets},
  author={Brasco, Lorenzo and Cinti, Eleonora},
  journal={arXiv preprint arXiv:1802.02354},
  year={2018}
}

@phdthesis{Bor17,
  title={Laplaciano fraccionario: regularidad de soluciones y aproximaciones por elementos finitos},
  author={Borthagaray Peradotto, Juan Pablo},
  year={2017},
  school={Universidad de Buenos Aires. Facultad de Ciencias Exactas y Naturales}
}

@article {HSS22,
    AUTHOR = {Hern\'{a}ndez Santamar\'{\i}a, V\'{\i}ctor and Salda\~{n}a, Alberto},
     TITLE = {Small order asymptotics for nonlinear fractional problems},
   JOURNAL = {Calc. Var. Partial Differential Equations},
  FJOURNAL = {Calculus of Variations and Partial Differential Equations},
    VOLUME = {61},
      YEAR = {2022},
    NUMBER = {3},
     PAGES = {Paper No. 92, 26},
      ISSN = {0944-2669},
   MRCLASS = {35B40 (35J60 35R11 35S15)},
  MRNUMBER = {4400612},
       DOI = {10.1007/s00526-022-02192-w},
       URL = {https://doi.org/10.1007/s00526-022-02192-w},
}

@misc{dem20,
  title={Mathematical theory of finite elements},
  author={Demkowicz, Leszek F.},
  year={2020},
  howpublished={Lecture notes. Oden Institute for Computational Engineering and Sciences, The University of Texas at Austin}
}

@article{CS22,
  title={Classical solutions to integral equations with zero order kernels},
  author={Chang-Lara, H{\'e}ctor A and Salda{\~n}a, Alberto},
  journal={Mathematische Annalen},
  pages={1--53},
  year={2023},
  publisher={Springer}
}


@article{FJW22,
  title={Small order asymptotics of the {D}irichlet eigenvalue problem for the fractional Laplacian},
  author={Feulefack, Pierre Aime and Jarohs, Sven and Weth, Tobias},
  journal={Journal of Fourier Analysis and Applications},
  volume={28},
  number={2},
  pages={18},
  year={2022},
  publisher={Springer}
}


@article{AB17,
  title={A fractional Laplace equation: regularity of solutions and finite element approximations},
  author={Acosta, Gabriel and Borthagaray, Juan Pablo},
  journal={SIAM Journal on Numerical Analysis},
  volume={55},
  number={2},
  pages={472--495},
  year={2017},
  publisher={SIAM}
}

@article{chen2023taylor,
  title={Taylor's expansions of {R}iesz convolution and the fractional {L}aplacians with respect to the order},
  author={Chen, Huyuan},
  journal={arXiv preprint arXiv:2307.06198},
  year={2023}
}






